@manual{hall,
	title = {Hall Effekt und Leitfähigkeit},
	author = {{Stefan Frick, Benedikt Pressl, Gregor Weihs}},
	year = {2024},
	publisher = {Institut für Experimentalphysik},
	location = {Universität Innsbruck, Innsbruck, AT}
}


@manual{ccd,
	title = {Versuch A003
	Eigenschaften optischer CCDs},
	author = {{Veronika Schaffenroth, Stefan Kimeswenger, Norbert Przybilla}},
	year = {2023},
	location = {Universität Innsbruck, Innsbruck, AT}
}


@misc{ kinetischeEnergie,
	author = "Wikipedia",
	title = "Boltzmann-Konstante --- Wikipedia{,} die freie Enzyklopädie",
	year = "2024",
	url = "https://de.wikipedia.org/w/index.php?title=Boltzmann-Konstante&oldid=241569166",
	note = "[Online; Stand 22. Mai 2024]"
}

@misc{ Blomming,
	author = "Wikipedia",
	title = "Blooming --- Wikipedia{,} die freie Enzyklopädie",
	year = "2021",
	url = "https://de.wikipedia.org/w/index.php?title=Blooming&oldid=216760871",
	note = "[Online; Stand 22. Mai 2024]"
}
@article{DATENBLATTCCD,
	title={KAF -1603E/ME, 585 - 7 22-438 5 },
	volume={19},
	url={https://www.datasheets360.com/pdf/7148940108719137862},
	author={KODAK},
	date={February 28, 2005 },  
	note  = {Online;  accessed at 24. 05. 2024} 
}

@online{bandluecke,
	title={Bandlücke},
	url={https://de.wikipedia.org/wiki/Bandlücke},
	date={24. Juli , 2023 },  
	note  = {Online;  aufgerufen am 24. 05. 2024} 
}