% !TeX root = Bericht.tex
@manual{roentgenskript,
	title = {FP1 Versuch 13: Röntgenstrahlung},
	author = {{Eric Endres}},
	publisher = {Institut für Experimentalphysik},
	location = {Universität Innsbruck, Innsbruck, AT}
}
@online{geigerzähler_bildl,
	
	title = {Was ist ein Geigerzähler},
	url = {https://www.radrate.com/geigerzaehler/},
	note  = {Online;  Abgerufen am 25. 04. 2024}
}




@online{geigerzähler,
	author = {LEIFIphysik}, 
	title = {GEIGER-MÜLLER-Zählrohr},
	url = {https://www.leifiphysik.de/kern-teilchenphysik/radioaktivitaet-einfuehrung/grundwissen/geiger-mueller-zaehlrohr},
	note  = {Online;  Abgerufen am 25. 04. 2024}
}
@misc{bragg,
	author = "{Wikipedia contributors}",
	title = "Bragg's law --- {Wikipedia}{,} The Free Encyclopedia",
	year = "2024",
	howpublished = "\url{https://en.wikipedia.org/w/index.php?title=Bragg\%27s_law&oldid=1212831935}",
	note = "[Online; accessed 15-March-2024]"
}

@manual{hall,
	title = {Hall Effekt und Leitfähigkeit},
	author = {{Stefan Frick, Benedikt Pressl, Gregor Weihs}},
	year = {2024},
	publisher = {Institut für Experimentalphysik},
	location = {Universität Innsbruck, Innsbruck, AT}
}

@misc{odr,
	author = "{Wikipedia contributors}",
	howpublished = "\url{https://en.wikipedia.org/w/index.php?title=Total_least_squares&oldid=1099204170}",
	note = "[Online; accessed 2-May-2023]",
	title = "Total least squares — {Wikipedia}{,} The Free Encyclopedia",
}

@article{pt100,
	title = {The analog linearization of Pt100 working characteristic},
	volume = {12},
	issn = {1451-4869, 2217-7183},
	url = {https://doiserbia.nb.rs/Article.aspx?ID=1451-48691503345R},
	doi = {10.2298/SJEE1503345R},
	pages = {345--357},
	number = {3},
	journaltitle = {Serbian Journal of Electrical Engineering},
	shortjournal = {Serb J Electr Eng},
	author = {Radetic, Radojle and Pavlov-Kagadejev, Marijana and Milivojevic, Nikola},
	urldate = {2024-03-08},
	date = {2015},
	langid = {english},
	file = {Full Text:/home/taco/Zotero/storage/97EGMERV/Radetic et al. - 2015 - The analog linearization of Pt100 working characte.pdf:application/pdf},
}

@misc{absorbtionskante,
	author = "Wikipedia",
	title = "Absorptionskante --- Wikipedia{,} die freie Enzyklopädie",
	year = "2024",
	url = "https://de.wikipedia.org/w/index.php?title=Absorptionskante&oldid=243023186",
	note = "[Online; Stand 25. April 2024]"
}

@article{codata,
	author = {Tiesinga, Eite and Mohr, Peter J and Newell, David B and Taylor, Barry N},
	journal = {Journal of Physical and Chemical Reference Data},
	number = {3},
	pages = {033105},
	publisher = {AIP Publishing LLC for the National Institute of Standards and Technology},
	title = {{CODATA recommended values of the fundamental physical constants: 2018}},
	volume = {50},
	year = {2021}
}




@article{nist_Daten,
	author = {Hubbell, J H and Seltzer, S M},
	title = {Tables of x-ray mass attenuation coefficients and mass energy-absorption coefficients 1 keV to 20 meV for elements z = 1 to 92 and 48 additional substances of dosimetric interest},
	
	
	url = {https://physics.nist.gov/PhysRefData/XrayMassCoef/tab3.html}, 
	place = {United States},
	year = {1995},
	month = {5},
	note  = {Online;  Abgerufen am 29. 04. 2024}
}

@online{SpektrumWolfram,
	author = {XRF Research, Inc}, 
	title = {XRF Spectrum Tungsten},
	url = {https://www.xrfresearch.com/xrf-spectrum-tungsten/},
	note  = {Online;  Abgerufen am 29. 04. 2024}
}
@online{murho,
	author = {NIST}, 
	title = {X-Ray Mass Attenuation Coefficients},
	url = {https://physics.nist.gov/PhysRefData/XrayMassCoef/tab3.html},
	note  = {Online;  Abgerufen am 29. 04. 2024}
}