@manual{spectroscopy,
	title = {Versuch A1– Spektroskopie der Sonne},
	author = {{Miguel A. Urbaneja}},
	year = {{February 2024}},
	
	location = {Universität Innsbruck, Innsbruck, AT}
}

@online{NASA,
	author = {Dr. David R. Williams, NASA}, 
	title = {Sun Fact Sheet},
	publisher ={NSSDCA, NASA Goddard Space Flight Center
	Greenbelt},
	url = {https://nssdc.gsfc.nasa.gov/planetary/factsheet/sunfact.html},
	date={09.05.2024},
	note  = {Online;  Abgerufen am 16. 05. 2024}
	
}

@article{White_2000,
	title={The Absolute Abundance of Iron in the Solar Corona},
	volume={534},
	ISSN={0004-637X},
	url={http://dx.doi.org/10.1086/312673},
	DOI={10.1086/312673},
	number={2},
	journal={The Astrophysical Journal},
	publisher={American Astronomical Society},
	author={White, S. M. and Thomas, R. J. and Brosius, J. W. and Kundu, M. R.},
	year={2000},
	month=may, pages={L203–L206} }


@online{bild_linewidth,
	
	title = {A diagram indicating the equivalent width corresponding to the absorption line, which is shown in red.
	},
	
	url = {https://en.wikipedia.org/wiki/Equivalent_width#/media/File:Definition_of_equivalent_width.jpg},
	date={{15 June 2006}},
	note  = {Online;  accessed at 16. 05. 2024}
	
}