% !TeX root = Bericht.tex
@manual{skript,
	title = {Practical course experiment 08: Acousto-optical
	effect},
	author = {{}},
	year = {2024},
	publisher = {Institut für Experimentalphysik},
	location = {Universität Innsbruck, Innsbruck, AT}
}

@misc{bragg,
	author = "{Wikipedia contributors}",
	title = "Bragg's law --- {Wikipedia}{,} The Free Encyclopedia",
	year = "2024",
	howpublished = "\url{https://en.wikipedia.org/w/index.php?title=Bragg\%27s_law&oldid=1212831935}",
	note = "[Online; accessed 15-March-2024]"
}

@manual{DatenBlattAmplifier,
	title = {Coaxial Amplifier(ZHL-1-2W+l)},
	author = {{}},
	year = {},
	publisher = {Mini-Circuits},
	location = {Brooklyn, NY ,USA}
}
@manual{AOM,
	title = {AOMO 3080-125, Part Nr: 97-01598-01},
	author = {A. Campi},
	year = {6.12.2002},
	publisher = {Crystal Technology, Inc},
	location = {}
}
@manual{UmrechnungsTabelleDB,
	title = {dBm - Voltage Chart },
	author = {Harwin Dr},
	year = {},
	publisher = {Tecmag, Inc.},
	location = {Houston, TX 77036 | USA}
}

@manual{Drehtisch,
	title = {METRIC PRECISION
	ROTATION PLATFORM,PR01/M},
	author = {},
	year = {15.4.2013},
	publisher = {w w w . t h o r l a b s . c o m},
	location = {}
}