% Encoding: UTF8

 @misc{ wiki:xxx,
	author = "Wikimedia Commons",
	title = "File:Visible spectrum of hydrogen.jpg --- Wikimedia Commons{,} the free media repository",
	year = "2021",
	url = "\url{https://commons.wikimedia.org/w/index.php?title=File:Visible_spectrum_of_hydrogen.jpg&oldid=606660219}",
	note = "[Online; accessed 1-May-2023]"
}

@article{codata,
	title={CODATA recommended values of the fundamental physical constants: 2018},
	author={Tiesinga, Eite and Mohr, Peter J and Newell, David B and Taylor, Barry N},
	journal={Journal of Physical and Chemical Reference Data},
	volume={50},
	number={3},
	pages={033105},
	year={2021},
	publisher={AIP Publishing LLC for the National Institute of Standards and Technology}
}

 @misc{ wiki:Balmer,
	author = "Wikimedia Commons",
	title = "File:Visible spectrum of hydrogen.jpg --- Wikimedia Commons{,} the free media repository",
	year = "2021",
	url = "\url{https://commons.wikimedia.org/w/index.php?title=File:Visible_spectrum_of_hydrogen.jpg&oldid=606660219}",
	note = "[Online; accessed 1-May-2023]"
}

@misc{odr,
	author = "{Wikipedia contributors}",
	title = "Total least squares --- {Wikipedia}{,} The Free Encyclopedia",
	year = "2022",
	howpublished = "\url{https://en.wikipedia.org/w/index.php?title=Total_least_squares&oldid=1099204170}",
	note = "[Online; accessed 2-May-2023]"
}